<?xml version="1.0" encoding="UTF-8"?><collection xmlns="http://www.loc.gov/MARC21/slim"><record><leader>00599nam--2200205-u-4500</leader><controlfield tag="001">000056845</controlfield><controlfield tag="002">20200910</controlfield><controlfield tag="005">20200910030502</controlfield><controlfield tag="008">200910s1000------------r-----000-0-eng-d</controlfield><datafield ind1=" " ind2=" " tag="040"><subfield code="a">IFIN-HH</subfield></datafield><datafield ind1=" " ind2=" " tag="041"><subfield code="a">eng</subfield></datafield><datafield ind1="1" ind2=" " tag="100"><subfield code="a">Boyer, Mark</subfield></datafield><datafield ind1="1" ind2="0" tag="245"><subfield code="a">The American Heritage Dictionary</subfield><subfield code="c">Mark Boyer, Kaethe Ellis, Dolores R. Harris, Anne H. Soukhanov (Eds.)</subfield></datafield><datafield ind1=" " ind2=" " tag="250"><subfield code="a">Second Edition</subfield></datafield><datafield ind1=" " ind2=" " tag="260"><subfield code="a">New York</subfield><subfield code="b">Dell Publishing</subfield><subfield code="c">1983</subfield></datafield><datafield ind1=" " ind2=" " tag="300"><subfield code="a">XVI+878 p</subfield></datafield><datafield ind1=" " ind2=" " tag="500"><subfield code="a">Donatie Acad. Nicolae Victor Zamfir</subfield></datafield><datafield ind1="1" ind2=" " tag="700"><subfield code="a">Soukharov, Anne H</subfield></datafield><datafield ind1="1" ind2=" " tag="852"><subfield code="a">82799</subfield><subfield code="c">N.V.Z</subfield></datafield><datafield ind1=" " ind2=" " tag="CAT"><subfield code="a">SYS</subfield><subfield code="c">20200910</subfield><subfield code="h">030502</subfield></datafield></record></collection>